<?xml version="1.0" encoding="UTF-8"?><collection xmlns="http://www.loc.gov/MARC21/slim"><record><leader>00345nam--2200121-i-4500</leader><controlfield tag="001">000034415</controlfield><controlfield tag="002">20161230</controlfield><controlfield tag="005">20161230201040</controlfield><controlfield tag="008">060222s1000------------r-----000-0-eng-d</controlfield><datafield ind1=" " ind2=" " tag="100"><subfield code="a">Mahanthappa, K.T</subfield></datafield><datafield ind1=" " ind2=" " tag="245"><subfield code="a">Gerstein, i.s</subfield></datafield><datafield ind1=" " ind2=" " tag="260"><subfield code="a">Meson-baryon Resonances In U(3)Xu(3) Symmetry Ii</subfield></datafield><datafield ind1=" " ind2=" " tag="490"><subfield code="a">Philadelphia, University Of Pennsylvania, 1964. 33p</subfield></datafield></record></collection>